@inproceedings{ryan2016hallmarks,
  title={The hallmarks of premalignant conditions: a molecular basis for cancer prevention},
  author={Ryan, Brid M and Faupel-Badger, Jessica M},
  booktitle={Seminars in oncology},
  volume={43},
  number={1},
  pages={22--35},
  year={2016},
  organization={Elsevier}
}

@article{liu2018integrated,
  title={An integrated TCGA pan-cancer clinical data resource to drive high-quality survival outcome analytics},
  author={Liu, Jianfang and Lichtenberg, Tara and Hoadley, Katherine A and Poisson, Laila M and Lazar, Alexander J and Cherniack, Andrew D and Kovatich, Albert J and Benz, Christopher C and Levine, Douglas A and Lee, Adrian V and others},
  journal={Cell},
  volume={173},
  number={2},
  pages={400--416},
  year={2018},
  publisher={Elsevier}
}

@article{sanchez2018slow,
  title={A slow-cycling LGR5 tumour population mediates basal cell carcinoma relapse after therapy},
  author={S{\'a}nchez-Dan{\'e}s, Adriana and Larsimont, Jean-Christophe and Liagre, M{\'e}lanie and Mu{\~n}oz-Couselo, Eva and Lapouge, Ga{\"e}lle and Brisebarre, Audrey and Dubois, Christine and Suppa, Mariano and Sukumaran, Vijayakumar and Del Marmol, V{\'e}ronique and others},
  journal={Nature},
  volume={562},
  number={7727},
  pages={434},
  year={2018},
  publisher={Nature Publishing Group}
}

@article{hu2010inflammation,
  title={Inflammation-induced tumorigenesis in the colon is regulated by caspase-1 and NLRC4},
  author={Hu, Bo and Elinav, Eran and Huber, Samuel and Booth, Carmen J and Strowig, Till and Jin, Chengcheng and Eisenbarth, Stephanie C and Flavell, Richard A},
  journal={Proceedings of the National Academy of Sciences},
  volume={107},
  number={50},
  pages={21635--21640},
  year={2010},
  publisher={National Acad Sciences}
}

@article{greten2019inflammation,
  title={Inflammation and Cancer: Triggers, Mechanisms, and Consequences},
  author={Greten, Florian R and Grivennikov, Sergei I},
  journal={Immunity},
  volume={51},
  number={1},
  pages={27--41},
  year={2019},
  publisher={Elsevier}
}

@article{shi2019cd4+,
  title={CD4+ CD25+ regulatory T cells promote hepatocellular carcinoma invasion via TGF-$\beta$1-induced epithelial--mesenchymal transition},
  author={Shi, Chunying and Chen, Ying and Chen, Yaodong and Yang, Yuchuan and Bing, Wang and Qi, Jiping},
  journal={OncoTargets and therapy},
  volume={12},
  pages={279},
  year={2019},
  publisher={Dove Press}
}

@article{puisieux2014oncogenic,
  title={Oncogenic roles of EMT-inducing transcription factors},
  author={Puisieux, Alain and Brabletz, Thomas and Caramel, Julie},
  journal={Nature cell biology},
  volume={16},
  number={6},
  pages={488},
  year={2014},
  publisher={Nature Publishing Group}
}


@article{peinado2007snail,
	Author = {Peinado, H{\'e}ctor and Olmeda, David and Cano, Amparo},
	Date = {2007/05/17/online},
	Date-Added = {2019-08-19 10:29:17 -0700},
	Date-Modified = {2019-08-19 10:29:17 -0700},
	Day = {17},
	Journal = {Nature Reviews Cancer},
	L3 = {10.1038/nrc2131; },
	M3 = {Review Article},
	Month = {05},
	Pages = {415 EP  -},
	Publisher = {Nature Publishing Group SN  -},
	Title = {Snail, Zeb and bHLH factors in tumour progression: an alliance against the epithelial phenotype?},
	Ty = {JOUR},
	Url = {https://doi.org/10.1038/nrc2131},
	Volume = {7},
	Year = {2007},
	Bdsk-Url-1 = {https://doi.org/10.1038/nrc2131}
}

@article{terry2017new,
  title={New insights into the role of EMT in tumor immune escape},
  author={Terry, St{\'e}phane and Savagner, Pierre and Ortiz-Cuaran, Sandra and Mahjoubi, Linda and Saintigny, Pierre and Thiery, Jean-Paul and Chouaib, Salem},
  journal={Molecular Oncology},
  volume={11},
  number={7},
  pages={824--846},
  year={2017},
  publisher={Wiley Online Library}
}

@article{restifo2012adoptive,
  title={Adoptive immunotherapy for cancer: harnessing the T cell response},
  author={Restifo, Nicholas P and Dudley, Mark E and Rosenberg, Steven A},
  journal={Nature Reviews Immunology},
  volume={12},
  number={4},
  pages={269},
  year={2012},
  publisher={Nature Publishing Group}
}

@article{de2006paradoxical,
  title={Paradoxical roles of the immune system during cancer development},
  author={De Visser, Karin E and Eichten, Alexandra and Coussens, Lisa M},
  journal={Nature Reviews Cancer},
  volume={6},
  number={1},
  pages={24},
  year={2006},
  publisher={Nature Publishing Group}
}

@article{nieto2016emt,
  title={EMT: 2016},
  author={Nieto, M Angela and Huang, Ruby Yun-Ju and Jackson, Rebecca A and Thiery, Jean Paul},
  journal={Cell},
  volume={166},
  number={1},
  pages={21--45},
  year={2016},
  publisher={Elsevier}
}

@article{alderton2012metastasis,
  title={Metastasis: Epithelial to mesenchymal and back again},
  author={Alderton, Gemma K},
  journal={Nature Reviews Cancer},
  volume={13},
  number={1},
  pages={3},
  year={2012},
  publisher={Nature Publishing Group}
}

@article{hong2015ovol2,
  title={An Ovol2-Zeb1 mutual inhibitory circuit governs bidirectional and multi-step transition between epithelial and mesenchymal states},
  author={Hong, Tian and Watanabe, Kazuhide and Ta, Catherine Ha and Villarreal-Ponce, Alvaro and Nie, Qing and Dai, Xing},
  journal={PLoS Computational Biology},
  volume={11},
  number={11},
  pages={e1004569},
  year={2015},
  publisher={Public Library of Science}
}

@article{pardoll2012blockade,
  title={The blockade of immune checkpoints in cancer immunotherapy},
  author={Pardoll, Drew M},
  journal={Nature Reviews Cancer},
  volume={12},
  number={4},
  pages={252},
  year={2012},
  publisher={Nature Publishing Group}
}

@article{guo2017multiscale,
  title={Multiscale modeling of inflammation-induced tumorigenesis reveals competing oncogenic and onco-protective roles for inflammation},
  author={Guo, Yucheng and Nie, Qing and MacLean, Adam L and Li, Yanda and Lei, Jinzhi and Li, Shao},
  journal={Cancer research},
  pages={canres--1662},
  year={2017},
  publisher={AACR}
}

@article{sohier2014improvement,
  title={Improvement of the Representativity of the Morris Method for Air-Launch-to-Orbit Separation},
  author={Sohier, Henri and Farges, Jean-Loup and Piet-Lahanier, Helene},
  journal={IFAC Proceedings Volumes},
  volume={47},
  number={3},
  pages={7954--7959},
  year={2014},
  publisher={Elsevier}
}

@article{morris1991factorial,
  title={Factorial sampling plans for preliminary computational experiments},
  author={Morris, Max D},
  journal={Technometrics},
  volume={33},
  number={2},
  pages={161--174},
  year={1991},
  publisher={Taylor \& Francis Group}
}

@incollection{de2014modeling,
  title={Modeling tumor--immune dynamics},
  author={de Pillis, Lisette G and Radunskaya, Ami E},
  booktitle={Mathematical Models of Tumor-Immune System Dynamics},
  pages={59--108},
  year={2014},
  publisher={Springer}
}

@article{sha2018intermediate,
  title={Intermediate cell states in epithelial-to-mesenchymal transition},
  author={Sha, Yutong and Haensel, Daniel and Gutierrez, Guadalupe and Du, Huijing and Dai, Xing and Nie, Qing},
  journal={Physical biology},
  year={2018},
  publisher={IOP Publishing}
}

@article{nie2018stem,
  title={Stem cells: a window of opportunity in low-dimensional EMT space},
  author={Nie, Qing},
  journal={Oncotarget},
  volume={9},
  number={61},
  pages={31790},
  year={2018},
  publisher={Impact Journals, LLC}
}

@article{maclean2018exploring,
  title={Exploring intermediate cell states through the lens of single cells},
  author={MacLean, Adam L and Hong, Tian and Nie, Qing},
  journal={Current opinion in systems biology},
  year={2018},
  publisher={Elsevier}
}

@article{ta2016controlling,
  title={Controlling stochasticity in epithelial-mesenchymal transition through multiple intermediate cellular states},
  author={Ta, Catherine Ha and Nie, Qing and Hong, Tian},
  journal={Discrete and continuous dynamical systems. Series B},
  volume={21},
  number={7},
  pages={2275},
  year={2016},
  publisher={NIH Public Access}
}

@article{lim2012epithelial,
  title={Epithelial-mesenchymal transitions: insights from development},
  author={Lim, Jormay and Thiery, Jean Paul},
  journal={Development},
  volume={139},
  number={19},
  pages={3471--3486},
  year={2012},
  publisher={Oxford University Press for The Company of Biologists Limited}
}

@article{ruffell2010lymphocytes,
  title={Lymphocytes in cancer development: polarization towards pro-tumor immunity},
  author={Ruffell, Brian and DeNardo, David G and Affara, Nesrine I and Coussens, Lisa M},
  journal={Cytokine \& Growth Factor Reviews},
  volume={21},
  number={1},
  pages={3--10},
  year={2010},
  publisher={Elsevier}
}

@article{woods2014effects,
  title={Effects of epithelial to mesenchymal transition on T cell targeting of melanoma cells},
  author={Woods, Katherine and Pasam, Anupama and Jayachandran, Aparna and Andrews, Miles C and Cebon, Jonathan},
  journal={Frontiers in Oncology},
  volume={4},
  pages={367},
  year={2014},
  publisher={Frontiers}
}

@article{blobe2000role,
  title={Role of transforming growth factor $\beta$ in human disease},
  author={Blobe, Gerard C and Schiemann, William P and Lodish, Harvey F},
  journal={New England Journal of Medicine},
  volume={342},
  number={18},
  pages={1350--1358},
  year={2000},
  publisher={Mass Medical Soc}
}